<?xml version="1.0" encoding="UTF-8"?><record xmlns="http://www.loc.gov/MARC21/slim" xmlns:cinclude="http://apache.org/cocoon/include/1.0" xmlns:zs="http://www.loc.gov/zing/srw/">
  <leader>01437cz  a2200277n  4500</leader>
  <controlfield tag="001">n 2004026649</controlfield>
  <controlfield tag="003">DLC</controlfield>
  <controlfield tag="005">20120606074749.0</controlfield>
  <controlfield tag="008">040324n| acannaabn          |b ana      </controlfield>
  <datafield tag="010" ind1=" " ind2=" ">
    <subfield code="a">n 2004026649</subfield>
  </datafield>
  <datafield tag="035" ind1=" " ind2=" ">
    <subfield code="a">(OCoLC)oca06307274</subfield>
  </datafield>
  <datafield tag="040" ind1=" " ind2=" ">
    <subfield code="a">DLC</subfield>
    <subfield code="b">eng</subfield>
    <subfield code="c">DLC</subfield>
    <subfield code="d">OCoLC</subfield>
    <subfield code="d">DLC-S</subfield>
  </datafield>
  <datafield tag="110" ind1="2" ind2=" ">
    <subfield code="a">Gosudarstvennyĭ memorialʹnyĭ kompleks "Katynʹ"</subfield>
  </datafield>
  <datafield tag="410" ind1="1" ind2=" ">
    <subfield code="a">Russia (Federation).</subfield>
    <subfield code="b">Gosudarstvennyĭ memorialʹnyĭ kompleks "Katynʹ"</subfield>
  </datafield>
  <datafield tag="410" ind1="1" ind2=" ">
    <subfield code="a">Russia (Federation).</subfield>
    <subfield code="b">Ministerstvo kulʹtury.</subfield>
    <subfield code="b">Gosudarstvennyĭ memorialʹnyĭ kompleks "Katynʹ"</subfield>
  </datafield>
  <datafield tag="410" ind1="2" ind2=" ">
    <subfield code="a">Государственный мемориальный комплекс "Катынь."</subfield>
  </datafield>
  <datafield tag="410" ind1="2" ind2=" ">
    <subfield code="a">Катынский мемориал</subfield>
  </datafield>
  <datafield tag="410" ind1="2" ind2=" ">
    <subfield code="a">Katynskiĭ memorial</subfield>
  </datafield>
  <datafield tag="410" ind1="2" ind2=" ">
    <subfield code="a">Мемориал "Катынь"</subfield>
  </datafield>
  <datafield tag="410" ind1="2" ind2=" ">
    <subfield code="a">Memorial "Katynʹ"</subfield>
  </datafield>
  <datafield tag="410" ind1="2" ind2=" ">
    <subfield code="a">Мемориальный комплекс "Катынь"</subfield>
  </datafield>
  <datafield tag="410" ind1="2" ind2=" ">
    <subfield code="a">Memorialʹnyĭ kompleks "Katynʹ"</subfield>
  </datafield>
  <datafield tag="667" ind1=" " ind2=" ">
    <subfield code="a">Machine-derived non-Latin script reference project.</subfield>
  </datafield>
  <datafield tag="667" ind1=" " ind2=" ">
    <subfield code="a">Non-Latin script references not evaluated.</subfield>
  </datafield>
  <datafield tag="670" ind1=" " ind2=" ">
    <subfield code="a">Po pravu pami︠a︡ti, 2001-:</subfield>
    <subfield code="b">v. 2, t.p. (Ministerstvo kulʹtury RF. Gosudarstvennyĭ memorialʹnyĭ kompleks "Katynʹ")</subfield>
  </datafield>
  <datafield tag="670" ind1=" " ind2=" ">
    <subfield code="a">Vestnik Katynskogo memoriala, no. 11 (2011):</subfield>
    <subfield code="b">t.p. (Мемориал "Катынь" = Memorial "Katynʹ") p. 4 (... Мемориального комплекса "Катынь" = ... Memorialʹnogo kompleksa "Katynʹ")</subfield>
  </datafield>
</record>